<?xml version="1.0" encoding="UTF-8"?>
<Document xmlns="urn:iso:std:iso:20022:tech:xsd:pain.013.001.01" xmlns:xsi="http://www.w3.org/2001/XMLSchema-instance">
	<CdtrPmtActvtnReq>
		<GrpHdr>
			<MsgId>0017828AN</MsgId>
			<CreDtTm>2011-12-17T09:30:47.0Z</CreDtTm>
			<NbOfTxs>1</NbOfTxs>
			<CtrlSum>2.000</CtrlSum>
			<InitgPty>
				<Nm>Sotinobio Inc</Nm>
				<PstlAdr>
					<AdrTp>ADDR</AdrTp>
					<Dept>Main House</Dept>
					<SubDept>Finance Division</SubDept>
					<StrtNm>Asmara Street</StrtNm>
					<BldgNb>16</BldgNb>
					<PstCd>00149</PstCd>
					<TwnNm>Rome</TwnNm>
					<CtrySubDvsn>XV</CtrySubDvsn>
					<Ctry>IT</Ctry>
					<AdrLine>2nd floor</AdrLine>
				</PstlAdr>
				<Id>
					<OrgId>
						<AnyBIC>BKTYUS33ARD</AnyBIC>
						<Othr>
							<Id>0019922</Id>
							<SchmeNm>
								<Cd>bni</Cd>
							</SchmeNm>
							<Issr>Association anl</Issr>
						</Othr>
					</OrgId>
				</Id>
				<CtryOfRes>IT</CtryOfRes>
				<CtctDtls>
					<NmPrfx>DOCT</NmPrfx>
					<Nm>anl</Nm>
					<PhneNb>+0-06788899</PhneNb>
					<MobNb>+0-0443333</MobNb>
					<FaxNb>+0-0433333</FaxNb>
					<EmailAdr>sbo@industry.it</EmailAdr>
					<Othr>alfa</Othr>
				</CtctDtls>
			</InitgPty>
		</GrpHdr>
		<PmtInf>
			<PmtInfId>05625234rtg</PmtInfId>
			<PmtMtd>CHK</PmtMtd>
			<PmtTpInf>
				<InstrPrty>HIGH</InstrPrty>
				<SvcLvl>
					<Cd>anl</Cd>
				</SvcLvl>
				<LclInstrm>
					<Cd>BCT</Cd>
				</LclInstrm>
				<CtgyPurp>
					<Cd>KL</Cd>
				</CtgyPurp>
			</PmtTpInf>
			<ReqdExctnDt>2011-08-13</ReqdExctnDt>
			<Dbtr>
				<Nm>Jimmy Corp</Nm>
				<PstlAdr>
					<AdrTp>ADDR</AdrTp>
					<Dept>Innerland</Dept>
					<SubDept>Finance</SubDept>
					<StrtNm>Connors Street</StrtNm>
					<BldgNb>89</BldgNb>
					<PstCd>00192</PstCd>
					<TwnNm>Bilbao</TwnNm>
					<CtrySubDvsn>North</CtrySubDvsn>
					<Ctry>ES</Ctry>
					<AdrLine>1st floor</AdrLine>
				</PstlAdr>
				<Id>
					<OrgId>
						<AnyBIC>ESPYUS33ADR</AnyBIC>
						<Othr>
							<Id>0019292</Id>
							<SchmeNm>
								<Cd>LO</Cd>
							</SchmeNm>
							<Issr>Association B</Issr>
						</Othr>
					</OrgId>
				</Id>
				<CtryOfRes>BI</CtryOfRes>
				<CtctDtls>
					<NmPrfx>DOCT</NmPrfx>
					<Nm>anl</Nm>
					<PhneNb>+0-0</PhneNb>
					<MobNb>+0-0</MobNb>
					<FaxNb>+0-0</FaxNb>
					<EmailAdr>anl</EmailAdr>
					<Othr>anl</Othr>
				</CtctDtls>
			</Dbtr>
			<DbtrAcct>
				<Id>
					<IBAN>ES12L1234512345123456789012</IBAN>
				</Id>
				<Tp>
					<Cd>CASH</Cd>
				</Tp>
				<Ccy>EUR</Ccy>
				<Nm>anl</Nm>
			</DbtrAcct>
			<DbtrAgt>
				<FinInstnId>
					<BICFI>ESTYUS56GRT</BICFI>
					<ClrSysMmbId>
						<ClrSysId>
							<Cd>019</Cd>
						</ClrSysId>
						<MmbId>897283</MmbId>
					</ClrSysMmbId>
					<Nm>abc</Nm>
					<PstlAdr>
						<AdrTp>ADDR</AdrTp>
						<Dept>anl</Dept>
						<SubDept>B</SubDept>
						<StrtNm>Barberinos</StrtNm>
						<BldgNb>89</BldgNb>
						<PstCd>001928</PstCd>
						<TwnNm>Seville</TwnNm>
						<CtrySubDvsn>aass</CtrySubDvsn>
						<Ctry>ES</Ctry>
						<AdrLine>anl</AdrLine>
					</PstlAdr>
					<Othr>
						<Id>0029293</Id>
						<SchmeNm>
							<Cd>LOX</Cd>
						</SchmeNm>
						<Issr>Association B</Issr>
					</Othr>
				</FinInstnId>
				<BrnchId>
					<Id>anl</Id>
					<Nm>anl</Nm>
					<PstlAdr>
						<AdrTp>ADDR</AdrTp>
						<Dept>anl</Dept>
						<SubDept>anl</SubDept>
						<StrtNm>anl</StrtNm>
						<BldgNb>anl</BldgNb>
						<PstCd>anl</PstCd>
						<TwnNm>anl</TwnNm>
						<CtrySubDvsn>anl</CtrySubDvsn>
						<Ctry>AA</Ctry>
						<AdrLine>anl</AdrLine>
					</PstlAdr>
				</BrnchId>
			</DbtrAgt>
			<UltmtDbtr>
				<Nm>anl</Nm>
				<PstlAdr>
					<AdrTp>ADDR</AdrTp>
					<Dept>anl</Dept>
					<SubDept>anl</SubDept>
					<StrtNm>anl</StrtNm>
					<BldgNb>78</BldgNb>
					<PstCd>00128</PstCd>
					<TwnNm>anl</TwnNm>
					<CtrySubDvsn>anl</CtrySubDvsn>
					<Ctry>AT</Ctry>
					<AdrLine>anl</AdrLine>
				</PstlAdr>
				<Id>
					<OrgId>
						<AnyBIC>AKTYIT35RFA</AnyBIC>
						<Othr>
							<Id>anl</Id>
							<SchmeNm>
								<Cd>anl</Cd>
							</SchmeNm>
							<Issr>anl</Issr>
						</Othr>
					</OrgId>
				</Id>
				<CtryOfRes>AA</CtryOfRes>
				<CtctDtls>
					<NmPrfx>DOCT</NmPrfx>
					<Nm>anl</Nm>
					<PhneNb>+0-0</PhneNb>
					<MobNb>+0-0</MobNb>
					<FaxNb>+0-0</FaxNb>
					<EmailAdr>agt</EmailAdr>
					<Othr>anl</Othr>
				</CtctDtls>
			</UltmtDbtr>
			<ChrgBr>DEBT</ChrgBr>
			<CdtTrfTx>
				<PmtId>
					<InstrId>anl</InstrId>
					<EndToEndId>090892</EndToEndId>
				</PmtId>
				<PmtTpInf>
					<InstrPrty>HIGH</InstrPrty>
					<SvcLvl>
						<Cd>anl</Cd>
					</SvcLvl>
					<LclInstrm>
						<Cd>anl</Cd>
					</LclInstrm>
					<CtgyPurp>
						<Cd>anl</Cd>
					</CtgyPurp>
				</PmtTpInf>
				<Amt>
					<InstdAmt Ccy="EUR">2.000</InstdAmt>
				</Amt>
				<ChrgBr>DEBT</ChrgBr>
				<UltmtDbtr>
					<Nm>abc</Nm>
					<PstlAdr>
						<AdrTp>ADDR</AdrTp>
						<Dept>anl</Dept>
						<SubDept>anl</SubDept>
						<StrtNm>b</StrtNm>
						<BldgNb>90</BldgNb>
						<PstCd>00192</PstCd>
						<TwnNm>abc</TwnNm>
						<CtrySubDvsn>anl</CtrySubDvsn>
						<Ctry>ES</Ctry>
						<AdrLine>anl</AdrLine>
					</PstlAdr>
					<Id>
						<OrgId>
							<Othr>
								<Id>anh</Id>
								<SchmeNm>
									<Cd>9292</Cd>
								</SchmeNm>
								<Issr>Association C</Issr>
							</Othr>
						</OrgId>
					</Id>
					<CtryOfRes>ES</CtryOfRes>
					<CtctDtls>
						<NmPrfx>DOCT</NmPrfx>
						<Nm>anl</Nm>
						<PhneNb>+0-0</PhneNb>
						<MobNb>+0-0</MobNb>
						<FaxNb>+0-0</FaxNb>
						<EmailAdr>anl</EmailAdr>
						<Othr>anl</Othr>
					</CtctDtls>
				</UltmtDbtr>
				<CdtrAgt>
					<FinInstnId>
						<BICFI>JTTYUS98ADR</BICFI>
						<ClrSysMmbId>
							<ClrSysId>
								<Cd>anl</Cd>
							</ClrSysId>
							<MmbId>anl</MmbId>
						</ClrSysMmbId>
						<Nm>lun</Nm>
						<PstlAdr>
							<AdrTp>ADDR</AdrTp>
							<Dept>anl</Dept>
							<SubDept>u</SubDept>
							<StrtNm>S</StrtNm>
							<BldgNb>c</BldgNb>
							<PstCd>00192</PstCd>
							<TwnNm>Turin</TwnNm>
							<CtrySubDvsn>90</CtrySubDvsn>
							<Ctry>IT</Ctry>
							<AdrLine>anl</AdrLine>
						</PstlAdr>
						<Othr>
							<Id>anl</Id>
							<SchmeNm>
								<Cd>OIL</Cd>
							</SchmeNm>
							<Issr>anl</Issr>
						</Othr>
					</FinInstnId>
					<BrnchId>
						<Id>anl</Id>
						<Nm>anl</Nm>
						<PstlAdr>
							<AdrTp>ADDR</AdrTp>
							<Dept>anl</Dept>
							<SubDept>anl</SubDept>
							<StrtNm>abcfgh</StrtNm>
							<BldgNb>34</BldgNb>
							<PstCd>0029</PstCd>
							<TwnNm>anl</TwnNm>
							<CtrySubDvsn>anl</CtrySubDvsn>
							<Ctry>AA</Ctry>
							<AdrLine>anl</AdrLine>
						</PstlAdr>
					</BrnchId>
				</CdtrAgt>
				<Cdtr>
					<Nm>michael hampton</Nm>
					<PstlAdr>
						<AdrTp>ADDR</AdrTp>
						<Dept>anl</Dept>
						<SubDept>anl</SubDept>
						<StrtNm>abc</StrtNm>
						<BldgNb>189</BldgNb>
						<PstCd>00189</PstCd>
						<TwnNm>anl</TwnNm>
						<CtrySubDvsn>anl</CtrySubDvsn>
						<Ctry>AA</Ctry>
						<AdrLine>anl</AdrLine>
					</PstlAdr>
					<Id>
						<OrgId>
							<AnyBIC>HUPYIT56FNA</AnyBIC>
							<Othr>
								<Id>anl</Id>
								<SchmeNm>
									<Cd>anl</Cd>
								</SchmeNm>
								<Issr>anl</Issr>
							</Othr>
						</OrgId>
					</Id>
					<CtryOfRes>AT</CtryOfRes>
					<CtctDtls>
						<NmPrfx>DOCT</NmPrfx>
						<Nm>anl</Nm>
						<PhneNb>+0-0</PhneNb>
						<MobNb>+0-0</MobNb>
						<FaxNb>+0-0</FaxNb>
						<EmailAdr>anl</EmailAdr>
						<Othr>anl</Othr>
					</CtctDtls>
				</Cdtr>
				<CdtrAcct>
					<Id>
						<IBAN>AT12L123451234512345678876</IBAN>
					</Id>
					<Tp>
						<Cd>CASH</Cd>
					</Tp>
					<Ccy>EUR</Ccy>
					<Nm>anl</Nm>
				</CdtrAcct>
				<UltmtCdtr>
					<Nm>anl</Nm>
					<PstlAdr>
						<AdrTp>ADDR</AdrTp>
						<Dept>anl</Dept>
						<SubDept>anl</SubDept>
						<StrtNm>abc</StrtNm>
						<BldgNb>190</BldgNb>
						<PstCd>0102</PstCd>
						<TwnNm>KLUI</TwnNm>
						<CtrySubDvsn>anl</CtrySubDvsn>
						<Ctry>AT</Ctry>
						<AdrLine>anl</AdrLine>
					</PstlAdr>
					<Id>
						<OrgId>
							<Othr>
								<Id>LO987</Id>
								<SchmeNm>
									<Cd>ALKI</Cd>
								</SchmeNm>
								<Issr>Association Z</Issr>
							</Othr>
						</OrgId>
					</Id>
					<CtryOfRes>AT</CtryOfRes>
					<CtctDtls>
						<NmPrfx>DOCT</NmPrfx>
						<Nm>albert nuit</Nm>
						<PhneNb>+0-0</PhneNb>
						<MobNb>+0-0</MobNb>
						<FaxNb>+0-0</FaxNb>
						<EmailAdr>anl</EmailAdr>
						<Othr>anl</Othr>
					</CtctDtls>
				</UltmtCdtr>
				<InstrForCdtrAgt>
					<Cd>CHQB</Cd>
					<InstrInf>alert</InstrInf>
				</InstrForCdtrAgt>
				<Purp>
					<Cd>anl</Cd>
				</Purp>
				<RgltryRptg>
					<DbtCdtRptgInd>CRED</DbtCdtRptgInd>
					<Authrty>
						<Nm>anl</Nm>
						<Ctry>AT</Ctry>
					</Authrty>
					<Dtls>
						<Tp>anl</Tp>
						<Dt>2011-06-13</Dt>
						<Ctry>AT</Ctry>
						<Cd>anl</Cd>
						<Amt Ccy="EUR">2.000</Amt>
						<Inf>alt</Inf>
					</Dtls>
				</RgltryRptg>
				<Tax>
					<Cdtr>
						<TaxId>00192</TaxId>
						<RegnId>X</RegnId>
						<TaxTp>anl</TaxTp>
					</Cdtr>
					<Dbtr>
						<TaxId>00192</TaxId>
						<RegnId>X</RegnId>
						<TaxTp>anl</TaxTp>
						<Authstn>
							<Titl>abc</Titl>
							<Nm>xyz</Nm>
						</Authstn>
					</Dbtr>
					<AdmstnZn>anl</AdmstnZn>
					<RefNb>anl</RefNb>
					<Mtd>anl</Mtd>
					<TtlTaxblBaseAmt Ccy="EUR">0</TtlTaxblBaseAmt>
					<TtlTaxAmt Ccy="EUR">1.000</TtlTaxAmt>
					<Dt>2011-08-13</Dt>
					<SeqNb>123456789123456789</SeqNb>
					<Rcrd>
						<Tp>anl</Tp>
						<Ctgy>anl</Ctgy>
						<CtgyDtls>anl</CtgyDtls>
						<DbtrSts>anl</DbtrSts>
						<CertId>anl</CertId>
						<FrmsCd>anl</FrmsCd>
						<Prd>
							<Yr>2011-08-13</Yr>
							<Tp>MM01</Tp>
							<FrToDt>
								<FrDt>2011-08-13</FrDt>
								<ToDt>2011-08-13</ToDt>
							</FrToDt>
						</Prd>
						<TaxAmt>
							<Rate>1.1234567891</Rate>
							<TaxblBaseAmt Ccy="EUR">0</TaxblBaseAmt>
							<TtlAmt Ccy="EUR">0</TtlAmt>
							<Dtls>
								<Prd>
									<Yr>2011-08-13</Yr>
									<Tp>MM01</Tp>
									<FrToDt>
										<FrDt>2011-10-20</FrDt>
										<ToDt>2011-08-20</ToDt>
									</FrToDt>
								</Prd>
								<Amt Ccy="EUR">500</Amt>
							</Dtls>
						</TaxAmt>
						<AddtlInf>anl</AddtlInf>
					</Rcrd>
				</Tax>
				<RltdRmtInf>
					<RmtId>anl</RmtId>
					<RmtLctnMtd>FAXI</RmtLctnMtd>
					<RmtLctnElctrncAdr>anl</RmtLctnElctrncAdr>
					<RmtLctnPstlAdr>
						<Nm>anl</Nm>
						<Adr>
							<AdrTp>ADDR</AdrTp>
							<Dept>anl</Dept>
							<SubDept>anl</SubDept>
							<StrtNm>abcd</StrtNm>
							<BldgNb>1902</BldgNb>
							<PstCd>00299</PstCd>
							<TwnNm>abcdef</TwnNm>
							<CtrySubDvsn>anl</CtrySubDvsn>
							<Ctry>AA</Ctry>
							<AdrLine>4th floor</AdrLine>
						</Adr>
					</RmtLctnPstlAdr>
				</RltdRmtInf>
				<RmtInf>
					<Ustrd>anlkitrfe</Ustrd>
					<Strd>
						<RfrdDocInf>
							<Tp>
								<CdOrPrtry>
									<Cd>MSIN</Cd>
								</CdOrPrtry>
								<Issr>anl</Issr>
							</Tp>
							<Nb>anl</Nb>
							<RltdDt>2011-08-13</RltdDt>
						</RfrdDocInf>
						<CdtrRefInf>
							<Tp>
								<CdOrPrtry>
									<Cd>RADM</Cd>
								</CdOrPrtry>
								<Issr>Association C</Issr>
							</Tp>
							<Ref>acvf</Ref>
						</CdtrRefInf>
						<Invcr>
							<Nm>alduso beni</Nm>
							<PstlAdr>
								<AdrTp>ADDR</AdrTp>
								<Dept>anl</Dept>
								<SubDept>anl</SubDept>
								<StrtNm>b</StrtNm>
								<BldgNb>18</BldgNb>
								<PstCd>00189</PstCd>
								<TwnNm>anterp</TwnNm>
								<CtrySubDvsn>anl</CtrySubDvsn>
								<Ctry>IT</Ctry>
								<AdrLine>anl building</AdrLine>
							</PstlAdr>
							<Id>
								<OrgId>
									<Othr>
										<Id>anl</Id>
										<SchmeNm>
											<Cd>089</Cd>
										</SchmeNm>
										<Issr>anl</Issr>
									</Othr>
								</OrgId>
							</Id>
							<CtryOfRes>IT</CtryOfRes>
							<CtctDtls>
								<NmPrfx>DOCT</NmPrfx>
								<Nm>anl</Nm>
								<PhneNb>+0-0</PhneNb>
								<MobNb>+0-0</MobNb>
								<FaxNb>+0-0</FaxNb>
								<EmailAdr>anl</EmailAdr>
								<Othr>anl</Othr>
							</CtctDtls>
						</Invcr>
						<Invcee>
							<Nm>jin moren</Nm>
							<PstlAdr>
								<AdrTp>ADDR</AdrTp>
								<Dept>anl</Dept>
								<SubDept>anl</SubDept>
								<StrtNm>anl</StrtNm>
								<BldgNb>anl</BldgNb>
								<PstCd>00176</PstCd>
								<TwnNm>anl</TwnNm>
								<CtrySubDvsn>anl</CtrySubDvsn>
								<Ctry>UK</Ctry>
								<AdrLine>3rd floor</AdrLine>
							</PstlAdr>
							<Id>
								<OrgId>
									<AnyBIC>KBTYUS78ADR</AnyBIC>
									<Othr>
										<Id>879</Id>
										<SchmeNm>
											<Cd>098</Cd>
										</SchmeNm>
										<Issr>Association XYZ</Issr>
									</Othr>
								</OrgId>
							</Id>
							<CtryOfRes>UK</CtryOfRes>
							<CtctDtls>
								<NmPrfx>DOCT</NmPrfx>
								<Nm>anl</Nm>
								<PhneNb>+0-077889</PhneNb>
								<MobNb>+0-04454567</MobNb>
								<FaxNb>+0-05567889</FaxNb>
								<EmailAdr>abc</EmailAdr>
								<Othr>abcdefg</Othr>
							</CtctDtls>
						</Invcee>
						<AddtlRmtInf>908928337</AddtlRmtInf>
					</Strd>
				</RmtInf>
			</CdtTrfTx>
		</PmtInf>
	</CdtrPmtActvtnReq>
</Document>
