<?xml version="1.0" encoding="UTF-8"?>
<?Standards Smart Test Messages for SEPA Credit Transfer Scheme product version 3.0?>
<?valid true?>
<?description On 2 June 2012, Virgay insurance company sends a CustomerDirectDebitInitiation message to its account servicer, AAAAUS29. AAAAUS29 offers a special service to Virgay, under agreement VERPA-1.The direct 
debit initiation message contains two collection instructions from two different debtors.</para><para>The first direct debit instruction is for 1025 USD to be collected from account 123456, owned by debtor Jones and serviced by agent BBBBUS39. The mandate reference is VIRGAY123 and was signed by Jones on 13 July 2008. The last collection is due to take place on 13 July 2015. The payment is for a yearly life insurance fee. The second direct debit instruction is for 985 USD to be collected from account 789101, owned by debtor Lee and serviced by agent CCCCUS27. This is a one-off direct debit which has been notified to Lee on 8 June 2012, with reference VIRGAY2435/2012. The payment is for a car insurance premium. The requested collection
date for both collections is 13 July 2012 and charges related to the handling of the instruction will be shared between Virgay insurance company and the debtors.?>
<Document xmlns:xsi="http://www.w3.org/2001/XMLSchema-instance" xmlns="urn:iso:std:iso:20022:tech:xsd:pain.008.001.03">
	<CstmrDrctDbtInitn>
		<GrpHdr>
			<MsgId>CAVAY1234</MsgId>
			<CreDtTm>2012-06-02T14:25:00</CreDtTm>
			<NbOfTxs>2</NbOfTxs>
			<CtrlSum>2010</CtrlSum>
			<InitgPty>
				<Nm>Virgay</Nm>
				<PstlAdr>
					<StrtNm>Virginia Lane</StrtNm>
					<BldgNb>36</BldgNb>
					<PstCd>NJ 07311</PstCd>
					<TwnNm>Jersey City</TwnNm>
					<Ctry>US</Ctry>
				</PstlAdr>
				<CtctDtls>
					<Nm>J. Thompson</Nm>
					<EmailAdr>Thompson@virgay.com</EmailAdr>
				</CtctDtls>
			</InitgPty>
		</GrpHdr>
		<PmtInf>
			<PmtInfId>CAVAY/88683</PmtInfId>
			<PmtMtd>DD</PmtMtd>
			<BtchBookg>false</BtchBookg>
			<ReqdColltnDt>2012-07-13</ReqdColltnDt>
			<Cdtr>
				<Nm>Virgay</Nm>
				<PstlAdr>
					<StrtNm>Virginia Lane</StrtNm>
					<BldgNb>36</BldgNb>
					<PstCd>NJ 07311</PstCd>
					<TwnNm>Jersey City</TwnNm>
					<Ctry>US</Ctry>
				</PstlAdr>
			</Cdtr>
			<CdtrAcct>
				<Id>
					<Othr>
						<Id>789123</Id>
					</Othr>
				</Id>
			</CdtrAcct>
			<CdtrAgt>
				<FinInstnId>
					<BICFI>AAAAUS29</BICFI>
				</FinInstnId>
			</CdtrAgt>
			<DrctDbtTxInf>
				<PmtId>
					<EndToEndId>VA060327/0123</EndToEndId>
				</PmtId>
				<PmtTpInf>
					<InstrPrty>NORM</InstrPrty>
					<SvcLvl>
						<Prtry>VERPA-1</Prtry>
					</SvcLvl>
					<SeqTp>RCUR</SeqTp>
				</PmtTpInf>
				<InstdAmt Ccy="USD">1025</InstdAmt>
				<ChrgBr>SHAR</ChrgBr>
				<DrctDbtTx>
					<MndtRltdInf>
						<MndtId>VIRGAY123</MndtId>
						<DtOfSgntr>2008-07-13</DtOfSgntr>
						<FnlColltnDt>2015-07-13</FnlColltnDt>
						<Frqcy>YEAR</Frqcy>
					</MndtRltdInf>
				</DrctDbtTx>
				<DbtrAgt>
					<FinInstnId>
						<BICFI>BBBBUS39</BICFI>
					</FinInstnId>
				</DbtrAgt>
				<Dbtr>
					<Nm>Jones</Nm>
					<PstlAdr>
						<StrtNm>Hudson Street</StrtNm>
						<BldgNb>19</BldgNb>
						<PstCd>NJ 07302</PstCd>
						<TwnNm>Jersey City</TwnNm>
						<Ctry>US</Ctry>
					</PstlAdr>
				</Dbtr>
				<DbtrAcct>
					<Id>
						<Othr>
							<Id>123456</Id>
						</Othr>
					</Id>
				</DbtrAcct>
				<Purp>
					<Cd>LIFI</Cd>
				</Purp>
				<RmtInf>
					<Ustrd>LIFE INSURANCE PAYMENT/ JULY 2012</Ustrd>
				</RmtInf>
			</DrctDbtTxInf>
			<DrctDbtTxInf>
				<PmtId>
					<EndToEndId>AY090327/456</EndToEndId>
				</PmtId>
				<PmtTpInf>
					<InstrPrty>NORM</InstrPrty>
					<SvcLvl>
						<Prtry>VERPA-1</Prtry>
					</SvcLvl>
					<SeqTp>OOFF</SeqTp>
				</PmtTpInf>
				<InstdAmt Ccy="USD">985</InstdAmt>
				<ChrgBr>SHAR</ChrgBr>
				<DrctDbtTx>
					<PreNtfctnId>VIRGAY2435/2012</PreNtfctnId>
					<PreNtfctnDt>2012-06-08</PreNtfctnDt>
				</DrctDbtTx>
				<DbtrAgt>
					<FinInstnId>
						<BICFI>CCCCUS27</BICFI>
					</FinInstnId>
				</DbtrAgt>
				<Dbtr>
					<Nm>Lee</Nm>
					<PstlAdr>
						<StrtNm>Cross Road</StrtNm>
						<BldgNb>45</BldgNb>
						<PstCd>NJ07399</PstCd>
						<TwnNm>Jersey City</TwnNm>
						<Ctry>US</Ctry>
					</PstlAdr>
				</Dbtr>
				<DbtrAcct>
					<Id>
						<Othr>
							<Id>789101</Id>
						</Othr>
					</Id>
				</DbtrAcct>
				<RmtInf>
					<Ustrd>CAR INSURANCE PREMIUM</Ustrd>
				</RmtInf>
			</DrctDbtTxInf>
		</PmtInf>
	</CstmrDrctDbtInitn>
</Document>
