<?xml version="1.0" encoding="UTF-8"?>
<?Standards Smart Test Messages for SEPA Credit Transfer Scheme product version 3.0?>
<?valid true?>
<?description AAAA Banken has agreed to provide an intraday account report to its customer Finpetrol. Each business day, at 12.30 PM, AAAA Banken will provide Finpetrol with an overview of all booked and expected entries since the start of the business day. On 18 October 2010, at 12.30 PM, AAAASESS sends such an intraday BankToCustomerAccountReport to Company Finpetrol. It contains two entries: one booked, and one expected item. It has been pre-agreed between account servicer and account owner that AAAA Banken will not include (expected) balance info in this intraday report.?>
<Document xmlns:xsi="http://www.w3.org/2001/XMLSchema-instance" xmlns="urn:iso:std:iso:20022:tech:xsd:camt.052.001.03">
	<BkToCstmrAcctRpt>
		<GrpHdr>
			<MsgId>AAAASESS-FP-ACCR001</MsgId>
			<CreDtTm>2010-10-18T12:30:00+01:00</CreDtTm>
			<MsgPgntn>
				<PgNb>1</PgNb>
				<LastPgInd>true</LastPgInd>
			</MsgPgntn>
		</GrpHdr>
		<Rpt>
			<Id>AAAASESS-FP-ACCR001</Id>
			<CreDtTm>2010-10-18T12:30:00+01:00</CreDtTm>
			<FrToDt>
				<FrDtTm>2010-10-18T08:00:00+01:00</FrDtTm>
				<ToDtTm>2010-10-18T12:30:00+01:00</ToDtTm>
			</FrToDt>
			<Acct>
				<Id>
					<Othr>
						<Id>50000000054910000003</Id>
					</Othr>
				</Id>
				<Ownr>
					<Nm>FINPETROL</Nm>
				</Ownr>
				<Svcr>
					<FinInstnId>
						<Nm>AAAA BANKEN</Nm>
						<PstlAdr>
							<Ctry>SE</Ctry>
						</PstlAdr>
					</FinInstnId>
				</Svcr>
			</Acct>
			<Ntry>
				<Amt Ccy="SEK">200000</Amt>
				<CdtDbtInd>DBIT</CdtDbtInd>
				<Sts>BOOK</Sts>
				<BookgDt>
					<DtTm>2010-10-18T10:15:00+01:00</DtTm>
				</BookgDt>
				<ValDt>
					<Dt>2010-10-18</Dt>
				</ValDt>
				<AcctSvcrRef>AAAASESS-FP-ACCR-01</AcctSvcrRef>
				<BkTxCd>
					<Domn>
						<Cd>PAYM</Cd>
						<Fmly>
							<Cd>0001</Cd>
							<SubFmlyCd>0003</SubFmlyCd>
						</Fmly>
					</Domn>
				</BkTxCd>
				<NtryDtls>
					<Btch>
						<MsgId>FINP-0055</MsgId>
						<PmtInfId>FINP-0055-001</PmtInfId>
						<NbOfTxs>20</NbOfTxs>
					</Btch>
				</NtryDtls>
			</Ntry>
			<Ntry>
				<Amt Ccy="SEK">30000</Amt>
				<CdtDbtInd>CRDT</CdtDbtInd>
				<Sts>PDNG</Sts>
				<ValDt>
					<Dt>2010-10-18</Dt>
				</ValDt>
				<AcctSvcrRef>AAAASESS-FP-CONF-FX</AcctSvcrRef>
				<BkTxCd>
					<Domn>
						<Cd>TREA</Cd>
						<Fmly>
							<Cd>0002</Cd>
							<SubFmlyCd>0000</SubFmlyCd>
						</Fmly>
					</Domn>
				</BkTxCd>
				<NtryDtls>
					<TxDtls>
						<Refs>
							<InstrId>FP-004567-FX</InstrId>
							<EndToEndId>AAAASS1085FINPSS</EndToEndId>
						</Refs>
						<AmtDtls>
							<CntrValAmt>
								<Amt Ccy="EUR">3255</Amt>
								<CcyXchg>
									<SrcCcy>EUR</SrcCcy>
									<XchgRate>0.185</XchgRate>
								</CcyXchg>
							</CntrValAmt>
						</AmtDtls>
					</TxDtls>
				</NtryDtls>
			</Ntry>
		</Rpt>
	</BkToCstmrAcctRpt>
</Document>
