<?xml version="1.0" encoding="UTF-8"?>
<Document xmlns="urn:iso:std:iso:20022:tech:xsd:camt.034.001.03" xmlns:xsi="http://www.w3.org/2001/XMLSchema-instance">
	<Dplct>
		<Assgnmt>
			<Id>AAAACUSA20090327004</Id>
			<Assgnr>
				<Agt>
					<FinInstnId>
						<BIC>AAAAGB2L</BIC>
					</FinInstnId>
				</Agt>
			</Assgnr>
			<Assgne>
				<Pty>
					<Id>
						<OrgId>
							<BICOrBEI>CUSAGB2L</BICOrBEI>
						</OrgId>
					</Id>
				</Pty>
			</Assgne>
			<CreDtTm>2009-03-27T08:50:45</CreDtTm>
		</Assgnmt>
		<Case>
			<Id>CUSTA200903001</Id>
			<Cretr>
				<Pty>
					<Id>
						<OrgId>
							<BICOrBEI>CUSAGB2L</BICOrBEI>
						</OrgId>
					</Id>
				</Pty>
			</Cretr>
		</Case>
		<Dplct>
			<Tp>pain.001.001.03</Tp>
			<Data>
				<Document xmlns:xsi="http://www.w3.org/2001/XMLSchema-instance" xmlns="urn:iso:std:iso:20022:tech:xsd:pain.001.001.03">
					<CstmrCdtTrfInitn>
						<GrpHdr>
							<MsgId>MI200903001</MsgId>
							<CreDtTm>2009-03-17T09:30:47.0Z</CreDtTm>
							<NbOfTxs>1</NbOfTxs>
							<CtrlSum>10000</CtrlSum>
							<InitgPty>
								<Id>
									<OrgId>
										<BICOrBEI>CUSAGB2L</BICOrBEI>
									</OrgId>
								</Id>
							</InitgPty>
						</GrpHdr>
						<PmtInf>
							<PmtInfId>PI200903001</PmtInfId>
							<PmtMtd>TRF</PmtMtd>
							<ReqdExctnDt>2009-03-19</ReqdExctnDt>
							<Dbtr>
								<Id>
									<OrgId>
										<BICOrBEI>CUSAGB2L</BICOrBEI>
									</OrgId>
								</Id>
							</Dbtr>
							<DbtrAcct>
								<Id>
									<IBAN>AA00CUSAGB2LACCT</IBAN>
								</Id>
							</DbtrAcct>
							<DbtrAgt>
								<FinInstnId>
									<BIC>AAAAGB2L</BIC>
								</FinInstnId>
							</DbtrAgt>
							<CdtTrfTxInf>
								<PmtId>
									<EndToEndId>ETEID200903001</EndToEndId>
								</PmtId>
								<Amt>
									<InstdAmt Ccy="EUR">10000</InstdAmt>
								</Amt>
							</CdtTrfTxInf>
						</PmtInf>
					</CstmrCdtTrfInitn>
				</Document>
			</Data>
		</Dplct>
	</Dplct>
</Document>
