<?xml version="1.0" encoding="UTF-8"?>
<Document xmlns:xsi="http://www.w3.org/2001/XMLSchema-instance" xmlns="urn:iso:std:iso:20022:tech:xsd:pacs.008.001.02">
	<FIToFICstmrCdtTrf>
		<GrpHdr>
			<MsgId>BBBB/100928-CCT/USD/897</MsgId>
			<CreDtTm>2010-09-28T16:02:00</CreDtTm>
			<NbOfTxs>1</NbOfTxs>
			<TtlIntrBkSttlmAmt Ccy="USD">1000000</TtlIntrBkSttlmAmt>
			<IntrBkSttlmDt>2010-06-29</IntrBkSttlmDt>
			<SttlmInf>
				<SttlmMtd>INDA</SttlmMtd>
			</SttlmInf>
			<InstgAgt>
				<FinInstnId>
					<BIC>BBBBUS33</BIC>
				</FinInstnId>
			</InstgAgt>
			<InstdAgt>
				<FinInstnId>
					<BIC>BBBBUS66</BIC>
				</FinInstnId>
			</InstdAgt>
		</GrpHdr>
		<CdtTrfTxInf>
			<PmtId>
				<InstrId>ABC/100928/CCT001/3</InstrId>
				<EndToEndId>ABC/987-AC/2010-09-27</EndToEndId>
				<TxId>BBBB/100928-CCT/USD/897</TxId>
			</PmtId>
			<PmtTpInf>
				<InstrPrty>NORM</InstrPrty>
			</PmtTpInf>
			<IntrBkSttlmAmt Ccy="USD">1000000</IntrBkSttlmAmt>
			<ChrgBr>SHAR</ChrgBr>
			<Dbtr>
				<Nm>ABC Corporation</Nm>
				<PstlAdr>
					<StrtNm>Times Square</StrtNm>
					<BldgNb>7</BldgNb>
					<PstCd>NY 10036</PstCd>
					<TwnNm>New York</TwnNm>
					<Ctry>US</Ctry>
				</PstlAdr>
			</Dbtr>
			<DbtrAcct>
				<Id>
					<Othr>
						<Id>00125574999</Id>
					</Othr>
				</Id>
			</DbtrAcct>
			<DbtrAgt>
				<FinInstnId>
					<BIC>BBBBUS33</BIC>
				</FinInstnId>
			</DbtrAgt>
			<CdtrAgt>
				<FinInstnId>
					<BIC>BBBBUS66</BIC>
				</FinInstnId>
			</CdtrAgt>
			<Cdtr>
				<Nm>ABC Corporation</Nm>
				<PstlAdr>
					<Dept>Treasury Department</Dept>
					<StrtNm>Bush Street</StrtNm>
					<BldgNb>13</BldgNb>
					<PstCd>CA 94108</PstCd>
					<TwnNm>San Francisco</TwnNm>
					<Ctry>US</Ctry>
				</PstlAdr>
			</Cdtr>
			<CdtrAcct>
				<Id>
					<Othr>
						<Id>4895623</Id>
					</Othr>
				</Id>
			</CdtrAcct>
			<Purp>
				<Cd>INTC</Cd>
			</Purp>
			<RmtInf>
				<Strd>
					<RfrdDocInf>
						<Tp>
							<CdOrPrtry>
								<Cd>CINV</Cd>
							</CdOrPrtry>
						</Tp>
						<Nb>987-AC</Nb>
						<RltdDt>2010-09-27</RltdDt>
					</RfrdDocInf>
				</Strd>
			</RmtInf>
		</CdtTrfTxInf>
	</FIToFICstmrCdtTrf>
</Document>
